../../../office/workspace/bibliography/literature.bib